<collection xmlns="http://www.loc.gov/MARC21/slim">
<record>
  <leader>00985nam0a22002411i 450 </leader>
  <controlfield tag="001">IT\ICCU\CNCE\033452</controlfield>
  <controlfield tag="005">20101213000000.0</controlfield>
  <datafield tag="012" ind1=" " ind2=" ">
    <subfield code="a">ateo +-uc sip- utli (3) 1502 (R)</subfield>
    <subfield code="2">fei</subfield>
  </datafield>
  <datafield tag="100" ind1=" " ind2=" ">
    <subfield code="a">19971218d1502        0itac0103    ba</subfield>
  </datafield>
  <datafield tag="101" ind1=" " ind2=" ">
    <subfield code="a">LAT</subfield>
  </datafield>
  <datafield tag="102" ind1=" " ind2=" ">
    <subfield code="a">IT</subfield>
  </datafield>
  <datafield tag="200" ind1="1" ind2=" ">
    <subfield code="a">\Libri De lingua latina ... analogiae libri ... !</subfield>
  </datafield>
  <datafield tag="210" ind1=" " ind2=" ">
    <subfield code="e">Venetiis</subfield>
    <subfield code="g">per Christophorum de Pensis</subfield>
    <subfield code="h">1502 die decimoquinto setembris</subfield>
  </datafield>
  <datafield tag="215" ind1=" " ind2=" ">
    <subfield code="a">XXI c.</subfield>
    <subfield code="d">fol</subfield>
  </datafield>
  <datafield tag="300" ind1=" " ind2=" ">
    <subfield code="a">Parte della 71402</subfield>
  </datafield>
  <datafield tag="620" ind1=" " ind2=" ">
    <subfield code="a">IT</subfield>
    <subfield code="d">Venezia</subfield>
  </datafield>
  <datafield tag="700" ind1=" " ind2="1">
    <subfield code="a">Varro,</subfield>
    <subfield code="b"> Marcus Terentius</subfield>
    <subfield code="3">IT\ICCU\CNCA\009657</subfield>
  </datafield>
  <datafield tag="712" ind1="0" ind2="0">
    <subfield code="a">Pensi, Cristoforo</subfield>
    <subfield code="3">IT\ICCU\CNCT\001080</subfield>
    <subfield code="4">650</subfield>
  </datafield>
  <datafield tag="790" ind1=" " ind2="1">
    <subfield code="a">Varrone,</subfield>
    <subfield code="b">Marco Terenzio</subfield>
    <subfield code="3">IT\ICCU\CNCA\024638</subfield>
    <subfield code="z">Varro,  Marcus Terentius</subfield>
  </datafield>
  <datafield tag="791" ind1="0" ind2="0">
    <subfield code="a">Pensis, Christophorus de</subfield>
    <subfield code="3">IT\ICCU\CNCT\002480</subfield>
    <subfield code="z">Pensi, Cristoforo</subfield>
  </datafield>
  <datafield tag="791" ind1="0" ind2="0">
    <subfield code="a">Pensa, Christophoro di</subfield>
    <subfield code="3">IT\ICCU\CNCT\002481</subfield>
    <subfield code="z">Pensi, Cristoforo</subfield>
  </datafield>
  <datafield tag="801" ind1=" " ind2="3">
    <subfield code="a">IT</subfield>
    <subfield code="b">ICCU</subfield>
    <subfield code="c">20201114</subfield>
  </datafield>
  <datafield tag="899" ind1=" " ind2=" ">
    <subfield code="a">Biblioteca del Collegio italo-albanese S. Adriano. San Demetrio Corone</subfield>
    <subfield code="1">CS0096</subfield>
    <subfield code="2">ZCS 12</subfield>
  </datafield>
</record>
</collection>
